
@misc{softrobotcalc,
  author = {Robert L. Read and Megan Cadena},
  title = {{Plane Tanget to 3 Spheres}},
  year = 2019,
  url = {https://pubinv.github.io/softrobotmath/},
  urldate = {2019-10-13},
  note = "[Online; accessed 13-November-2019]",
 lastchecked = {2019-10-13}
}